% manage some URLs outside of zotero
% datasets, and legislation
% because formatting them is really fiddly
@online{nemweb,
	title = {{NEMWeb Reports}},
	url = {https://www.nemweb.com.au/REPORTS/},
	author = {{AEMO}},
	urldate = {2023-11-25},
}

@online{nemweb_mmsdm,
	title = {{NEMWeb} {MMSDM}},
	url = {https://www.nemweb.com.au/Data_Archive/Wholesale_Electricity/MMSDM/},
	author = {{AEMO}},
	urldate = {2023-11-25},
}

@online{willy_weather,
    title = {Weather Stations},
    url = {https://www.willyweather.com.au/climate/weather-stations/nsw/central-west/dubbo-airport.html?superGraph=grain:daily,graphRange:5days&climateRecords=period:all-time&longTermGraph=plots:temperature,period:all-time,month:all&windRose=period:1-year,month:all-months},
    urldate = {2024-02-01},
    author = {{Willy Weather}}
}

@online{aemo_fuel_mix,
    title = {{Data Dashboard - Fuel Mix}},
    url = {https://aemo.com.au/energy-systems/electricity/national-electricity-market-nem/data-nem/data-dashboard-nem},
    author = {{AEMO}},
    urldate = {2024-03-18}
}

@online{weather_data,
    title = {{Climate Data Online}},
    url = {https://reg.bom.gov.au/climate/data/index.shtml},
    author = {{Bureau of Meteorology}},
    urldate = {2023-11-28},
}

@online{abs_population,
    title = {National, state and territory population},
    url = {https://www.abs.gov.au/statistics/people/population/national-state-and-territory-population/jun-2023#data-downloads},
    author = {{Australian Bureau of Statistics}},
    urldate = {2023-11-28},
}

@online{solar_austr,
    title = {{Australian Energy Statistics, Table O Electricity generation by fuel type 2020-21 and 2021}},
    url = {https://www.energy.gov.au/publications/australian-energy-statistics-table-o-electricity-generation-fuel-type-2020-21-and-2021},
    author = {{Department of Industry, Science, Energy and Resources}},
    date = {2022},
    urldate = {2023-11-28},
}


@online{mexico_congress,
	title = {Ley del Sistema de Horario},
	url = {https://comunicacionsocial.senado.gob.mx/informacion/comunicados/4104-pleno-del-senado-aprueba-dictamen-para-expedir-ley-de-los-husos-horarios-en-mexico},
	date = {2022-10-26},
    urldate = {2023-11-28},
    institution = {Senado De La Republica (Senate of the Republic of Mexico)},
    organization = {Senado De La Republica (Senate of the Republic of Mexico)},
}

@online{congress,
	title = {Sunshine Protection Act of 2021},
    shorttitle = {Sunshine Protection Act},
	url = {https://www.congress.gov/bill/117th-congress/senate-bill/623},
	number = {S.623},
	date = {2022-03-09},
    institution = {Congress of the United States of America},
    organization = {Congress of the United States of America},
    urldate = {2023-11-28},
}

@online{eu_directive,
	url = {https://www.consilium.europa.eu/media/39190/seasonal-time-changes_progress-report_3-december-2018.pdf},
	title = {Proposal for a Directive of the European Parliament and of the Council discontinuing seasonal changes of time and repealing Directive 2000/84/{EC}},
    shorttitle = {Directive 2000/84/{EC}},
	number = {14838/18},
	institution = {Council of the European Union},
    organization = {Council of the European Union},
	urldate = {2024-03-16},
	date = {2018-11-28},
	file = {EuropaDST.pdf:/Users/simonpostler/Zotero/storage/GBF5MBKL/EuropaDST.pdf:application/pdf},
}

@online{nt_pop,
    url = {https://nteconomy.nt.gov.au/population},
    author = {{Northern Territory Government - Department of Treasury and Finance}},
    urldate = {2024-03-18},
    title = {{Northern Territory Economy - Population }},
    date = {2024},
}

@online{aemc_tas,
    url = {https://www.aemc.gov.au/energy-system/electricity/changing-generation-mix/tasmania},
    urldate = {2024-03-18},
    date = {2019},
    author = {{Australian Energy Market Commission}},
    title = {Changing Generation Mix: Tasmania},
}

@online{Reichsgesetzblatt,
	title = {Reichsgesetzblatt {Jahrgang} 1916 {Nr} 67},
	shorttitle = {Reichsgesetzblatt},
	url = {https://www.reichsgesetzblatt.de/D/RGBl-D/1916/index.htm},
	urldate = {2024-11-03},
	month = apr,
	year = {1916},
	file = {Deutsches_Reichsgesetzblatt_1916_067_0243.png:/Users/simonpostler/Zotero/storage/BSLXSYVY/Deutsches_Reichsgesetzblatt_1916_067_0243.png:image/png},
}

@online{Uniform,
	title = {Uniform Time Act of 1966},
    shorttitle = {Uniform Time Act},
	url = {https://www.govinfo.gov/content/pkg/STATUTE-80/pdf/STATUTE-80-Pg107.pdf},
	number = {89-387},
	urldate = {2024-03-15},
	date = {1966-04-13},
	note = {Senate and House of Representatives of the United States of America in Congress assembled},
	file = {STATUTE-80-Pg107.pdf:/Users/simonpostler/Zotero/storage/PR92395X/STATUTE-80-Pg107.pdf:application/pdf},
}
